@CONTROL{REVTEX42Control}
@CONTROL{apsrev42Control,author="08",editor="1",pages="0",title="0",year="1"}

% Los nombres en Author se escriben así: Apellido, N. (inicial del nombre o nombres) and ... lo mismo para el resto de personas que hacen parte del artículo o libro.

%LIBROS
@book{Refbook1,
    author = "Apellido Nombre",
    title = "{Título}",
    publisher = "Editorial",
    year = "Año"
}

%ARTÍCULOS

@article{Refart1,
    author = "Apellido Nombre and Apellido Nombre and Apellido Nombre",
    title = "\emph{Título}",
    journal = "Revista",
    volume = "Volumen",
    pages = "Página",
    year = "Año"
}

% Refe